<record><leader>00000cas a22000007a 4500</leader><controlfield tag="001">37670061</controlfield><controlfield tag="008">970923d1914191uokuwr n       0    0eng d</controlfield><datafield ind1=" " ind2=" " tag="010"><subfield code="a">sn 97070273 </subfield></datafield><datafield ind1=" " ind2=" " tag="040"><subfield code="a">OBN</subfield><subfield code="b">eng</subfield><subfield code="c">OBN</subfield><subfield code="d">OCLCQ</subfield></datafield><datafield ind1=" " ind2=" " tag="042"><subfield code="a">msc</subfield></datafield><datafield ind1="0" ind2=" " tag="130"><subfield code="a">Shawnee sentinel (Shawnee, Okla.)</subfield></datafield><datafield ind1="1" ind2="0" tag="245"><subfield code="a">Shawnee sentinel.</subfield></datafield><datafield ind1=" " ind2=" " tag="260"><subfield code="a">Shawnee, Pottawatomie County, Okla. :</subfield><subfield code="b">Curtice &amp; Montgomery</subfield></datafield><datafield ind1=" " ind2=" " tag="300"><subfield code="a">v.</subfield></datafield><datafield ind1=" " ind2=" " tag="310"><subfield code="a">Weekly</subfield></datafield><datafield ind1="0" ind2=" " tag="362"><subfield code="a">Vol. 1, no. 1 (Mar. 5, 1914)-</subfield></datafield><datafield ind1=" " ind2="0" tag="650"><subfield code="a">Shawnee (Okla.)</subfield><subfield code="v">Newspapers.</subfield></datafield><datafield ind1=" " ind2="0" tag="650"><subfield code="a">Pottawatomie County (Okla.)</subfield><subfield code="v">Newspapers.</subfield></datafield><datafield ind1=" " ind2=" " tag="752"><subfield code="a">United States</subfield><subfield code="b">Oklahoma</subfield><subfield code="c">Pottawatomie</subfield><subfield code="d">Shawnee.</subfield></datafield><datafield ind1="1" ind2=" " tag="029"><subfield code="a">AU@</subfield><subfield code="b">000013497354</subfield></datafield></record>